<record xmlns="http://www.loc.gov/MARC21/slim" xmlns:xsi="http://www.w3.org/2001/XMLSchema-instance" xsi:schemaLocation="http://www.loc.gov/MARC21/slim http://www.loc.gov/standards/marcxml/schema/MARC21slim.xsd"><leader>01241nam a2200277   4500</leader><controlfield tag="001">001937035</controlfield><controlfield tag="003">NNU</controlfield><controlfield tag="006">m        d        </controlfield><controlfield tag="007">cr cn |||m|||a</controlfield><controlfield tag="008">140707s1984    ir      ob    000 0 ara d</controlfield><datafield ind1=" " ind2=" " tag="040"><subfield code="a">NNU</subfield><subfield code="b">eng</subfield><subfield code="c">NNU</subfield></datafield><datafield ind1="1" ind2=" " tag="100"><subfield code="a">Mi&#7779;b&#257;&#7717; Yazd&#299;, Mu&#7717;ammad Taq&#299;.</subfield></datafield><datafield ind1="1" ind2="0" tag="245"><subfield code="a">Ta&#699;l&#299;qah &#699;al&#225; Nih&#257;yat al-&#7717;ikmah</subfield><subfield code="h">[electronic resource] /</subfield><subfield code="c">Mu&#7717;ammad Taq&#299; Mi&#7779;b&#257;&#7717; al-Yazd&#299;.</subfield></datafield><datafield ind1=" " ind2=" " tag="250"><subfield code="a">al-&#7788;ab&#699;ah 1.</subfield></datafield><datafield ind1=" " ind2=" " tag="260"><subfield code="a">Qum, &#298;r&#257;n :</subfield><subfield code="b">Mu&#700;assasah f&#299; &#7788;ar&#299;q al-&#7716;aqq,</subfield><subfield code="c">1405 [1984]</subfield></datafield><datafield ind1=" " ind2=" " tag="300"><subfield code="a">online resource (496 p.)</subfield></datafield><datafield ind1=" " ind2=" " tag="500"><subfield code="a">Part of the Arabic Collections Online (ACO) project, contributed by New York Univeristy Libraries.</subfield></datafield><datafield ind1=" " ind2=" " tag="504"><subfield code="a">Includes bibliographical references.</subfield></datafield><datafield ind1=" " ind2=" " tag="533"><subfield code="a">Electronic reproduction.</subfield><subfield code="b">New York, N.Y. :</subfield><subfield code="c">New York University,</subfield><subfield code="d">2014.</subfield><subfield code="5">NNU</subfield></datafield><datafield ind1="1" ind2="0" tag="600"><subfield code="a">&#7788;ab&#257;&#7789;ab&#257;&#700;&#299;, Mu&#7717;ammad &#7716;usayn.</subfield><subfield code="t">Nih&#257;yat al-&#7717;ikmah.</subfield></datafield><datafield ind1=" " ind2="0" tag="650"><subfield code="a">Philosophy, Islamic.</subfield></datafield><datafield ind1="2" ind2=" " tag="710"><subfield code="a">New York University.</subfield><subfield code="b">Libraries.</subfield></datafield><datafield ind1="0" ind2=" " tag="730"><subfield code="a">Arabic Collections Online.</subfield></datafield><datafield ind1="0" ind2="8" tag="776"><subfield code="i">Print version:</subfield><subfield code="a">Mi&#7779;b&#257;&#7717; Yazd&#299;, Mu&#7717;ammad Taq&#299;.</subfield><subfield code="t">Ta&#699;l&#299;qah &#699;al&#225; Nih&#257;yat al-&#7717;ikmah</subfield><subfield code="w">(NNU)001937035</subfield></datafield><datafield ind1="4" ind2="0" tag="856"><subfield code="u">http://hdl.handle.net/2333.1/n02v6zq6</subfield></datafield><datafield ind1=" " ind2=" " tag="959"><subfield code="a">NNU</subfield><subfield code="b">WEB</subfield><subfield code="c">GENI</subfield><subfield code="t">0</subfield><subfield code="m">Electronic access</subfield><subfield code="s">01</subfield></datafield></record>